@misc{wikipediacontributors_2022_butterworth,
  author = {Wikipedia Contributors},
  month = {08},
  publisher = {Wikimedia Foundation},
  title = {Butterworth filter},
  url = {https://en.wikipedia.org/wiki/Butterworth_filter},
  urldate = {2022-09-28},
  year = {2022},
  organization = {Wikipedia}
}