@misc{wikipediacontributors_2021_differential,
  author = {Wikipedia Contributors},
  month = {12},
  publisher = {Wikimedia Foundation},
  title = {Differential amplifier},
  url = {https://en.wikipedia.org/wiki/Differential_amplifier#Biasing},
  urldate = {2022-11-09},
  year = {2021},
  organization = {Wikipedia}
}

@misc{wikipediacontributors_2022_operational,
  author = {Wikipedia Contributors},
  month = {11},
  publisher = {Wikimedia Foundation},
  title = {Operational amplifier},
  url = {https://en.wikipedia.org/wiki/Operational_amplifier#Op-amp_characteristics},
  urldate = {2022-11-09},
  year = {2022},
  organization = {Wikipedia}
}

@misc{feyling_2022_aktiv,
  author = {Feyling,  Fredrik},
  title = {Aktiv last   praksis},
  url = {https://ntnu.cloud.panopto.eu/Panopto/Pages/Viewer.aspx?id=2d7833c3-3e5b-4cc9-afef-af33012c168b&query=aktiv%20last%20praksis},
  urldate = {2022-11-09},
  year = {2022},
  organization = {Panopto}
}

@misc{admin_2021_mosfet,
  author = {admin},
  month = {01},
  title = {MOSFET- Source Follower (Common Drain Amplifier)},
  url = {https://www.allaboutelectronics.org/mosfet-source-follower-common-drain-amplifier/},
  urldate = {2022-11-10},
  year = {2021},
  organization = {ALL ABOUT ELECTRONICS}
}