@misc{ntnu_2022_designprosjekt,
  author = {NTNU},
  title = {Designprosjekt 8: Digital st√∏ygenerator versjon 1.0},
  year = {2022}
}

@misc{maxfield_2006_ee,
  author = {Maxfield, Max},
  month = {12},
  title = {EE Times - Tutorial: Linear Feedback Shift Registers (LFSRs) - Part 1},
  url = {https://www.eetimes.com/tutorial-linear-feedback-shift-registers-lfsrs-part-1/},
  urldate = {2022-11-12},
  year = {2006},
  organization = {EE Times}
}

@misc{wikipediacontributors_2022_white,
  author = {Wikipedia Contributors},
  month = {11},
  publisher = {Wikimedia Foundation},
  title = {White noise},
  url = {https://en.wikipedia.org/wiki/White_noise},
  urldate = {2022-11-12},
  year = {2022},
  organization = {Wikipedia}
}