@misc{instituttforelektroniskesystemntnu_2022_ertkt,
  author = {Institutt for elektroniske system, NTNU},
  title = {ERT-Ã¸kt 18 En klokkegenerator},
  year = {2022}
}

@misc{instituttforelektroniskesystemntnu_2022_designprosjekt,
  author = {Institutt for elektroniske system, NTNU},
  title = {Designprosjekt 5, alternativ 1},
  year = {2022}
}

@misc{instituttforelektroniskesystemntnu_2022_ertykt,
  author = {Institutt for elektroniske system, NTNU},
  title = {ERT-ykt 18 Kommentarar i ettertid},
  year = {2022}
}

@misc{lindem_2012_uke,
  author = {Lindem, },
  title = {UKE 5},
  url = {https://www.uio.no/studier/emner/matnat/fys/FYS1210/v17/notater/03-fys1210-2017-uke5.pdf},
  urldate = {2022-09-06},
  year = {2012}
}